@book{schmidt2021,
  author    = {Daniel Schmidt},
  title     = {ARM CORTEX M4 y ESP32. Programación y ejemplos},
  year      = {2021},
  publisher = {Alfaomega},
  address   = {Argentina}
}

@book{galeano2009,
  author    = {Gonzalo Galeano},
  title     = {Programación de sistemas embebidos en C},
  year      = {2009},
  publisher = {Alfaomega},
  address   = {México}
}

@book{ponce2022,
  author    = {Daniel F. Ponce and Héctor M. Ponce},
  title     = {Sistemas Embebidos con NodeMCU},
  year      = {2022},
  publisher = {Editorial Academia Española}
}

@book{gay2020,
  author    = {Warren Gay},
  title     = {FreeRTOS for ESP32-Arduino: Practical Multitasking Fundamentals},
  year      = {2020},
  publisher = {Elektor}
}
